<collection xmlns="http://www.loc.gov/MARC21/slim"><record><leader>00860nam  2200229   450</leader><controlfield tag="001">919</controlfield><controlfield tag="003">http://montalegre.opacnet.com/OPAC/default.aspx?ContentAreaControl=ShowRegHoldings.ascx&amp;RegNo=16662</controlfield><datafield tag="100" ind1=" " ind2=" "><subfield code="a">20061013d1980    m  y0pora010305  ba</subfield></datafield><datafield tag="101" ind1="1" ind2=" "><subfield code="a">por</subfield><subfield code="c">eng</subfield></datafield><datafield tag="102" ind1=" " ind2=" "><subfield code="a">PT</subfield></datafield><datafield tag="200" ind1="1" ind2=" "><subfield code="a">Moby Dick a baleia branca</subfield><subfield code="f">Herman Melville</subfield><subfield code="g">trad. Joaquim L. Duarte Peixoto</subfield></datafield><datafield tag="210" ind1=" " ind2=" "><subfield code="a">Mem Martins</subfield><subfield code="c">Europa-América</subfield><subfield code="d">[D.L. 1980]</subfield></datafield><datafield tag="215" ind1=" " ind2=" "><subfield code="a">2 v.</subfield><subfield code="d">18 cm</subfield></datafield><datafield tag="225" ind1="2" ind2=" "><subfield code="a">Livros de bolso Europa-América</subfield><subfield code="v">209, 210</subfield></datafield><datafield tag="304" ind1=" " ind2=" "><subfield code="a">Tít. orig.: Moby Dick or the white whate</subfield></datafield><datafield tag="675" ind1=" " ind2=" "><subfield code="a">821</subfield><subfield code="v">BN</subfield><subfield code="z">por</subfield></datafield><datafield tag="700" ind1=" " ind2="1"><subfield code="a">Melville</subfield><subfield code="b">Herman</subfield><subfield code="f">1819-1891</subfield></datafield><datafield tag="702" ind1=" " ind2="1"><subfield code="a">Peixoto</subfield><subfield code="b">Joaquim</subfield><subfield code="4">730</subfield></datafield><datafield tag="801" ind1=" " ind2="0"><subfield code="a">PT</subfield><subfield code="b">Biblioteca Municipal de Montalegre</subfield><subfield code="g">RPC</subfield></datafield><datafield tag="856" ind1=" " ind2=" "><subfield code="u">locateMedia.asp?cod=20060629162218&amp;ext=jpg</subfield><subfield code="z">CAPA</subfield></datafield><datafield tag="856" ind1=" " ind2=" "><subfield code="u">locateMedia.asp?cod=20060629162231&amp;ext=jpg</subfield><subfield code="z">CAPA</subfield></datafield><datafield tag="909" ind1="&#9;" ind2=" "><subfield code="a">2</subfield></datafield><datafield tag="966" ind1=" " ind2=" "><subfield code="a">0005453</subfield><subfield code="l">BMM</subfield><subfield code="s">SCG 821 MEL mob 209</subfield></datafield><datafield tag="966" ind1=" " ind2=" "><subfield code="a">0005454</subfield><subfield code="l">BMM</subfield><subfield code="s">SCG 821 MEL mob 210</subfield></datafield></record></collection>